111111111111111111111111111111111111111111111111111111111111111111111111111111111111111111111
222222222222222222222222222222222222222222222222222222222222222222222222222222222222222222222
333333333333333333333333333333333333333333333333333333333333333333333333333333333333333333333
444444444444444444444444444444444444444444444444444444444444444444444444444444444444444444444
555555555555555555555555555555555555555555555555555555555555555555555555555555555555555555555
666666666666666666666666666666666666666666666666666666666666666666666666666666666666666666666
111111111111111111111111111111111111111111111111111111111111111111111111111111111111111111111
ddddddddddddddddddddddddddddddddddddddddddddddddddddddddddddddddddddddddddddddddddddddddddddd
ccccccccccccccccccccccccccccccccccccccccccccccccccccccccccccccccccccccccccccccccccccccccccccc
xxxxxxxxxxxxxxxxxxxxxxxxxxxxxxxxxxxxxxxxxxxxxxxxxxxxxxxxxxxxxxxxxxxxxxxxxxxxxxxxxxxxxxxxxxxxx
zzzzzzzzzzzzzzzzzzzzzzzzzzzzzzzzzzzzzzzzzzzzzzzzzzzzzzzzzzzzzzzzzzzzzzzzzzzzzzzzzzzzzzzzzzzzz
qqqqqqqqqqqqqqqqqqqqqqqqqqqqqqqqqqqqqqqqqqqqqqqqqqqqqqqqqqqqqqqqqqqqqqqqqqqqqqqqqqqqqqqqqqqqq
wwwwwwwwwwwwwwwwwwwwwwwwwwwwwwwwwwwwwwwwwwwwwwwwwwwwwwwwwwwwwwwwwwwwwwwwwwwwwwwwwwwwwwwwwwwww
wwwwwwwwwwwwwwwwwwwwwwwwwwwwwwwwwwwwwwwwwwwwwwwwwwwwwwwwwwwwwwwwwwwwwwwwwwwwwwwwwwwwwwwwwwwww
ddddddddddddddddddddddddddddddddddddddddddddddddddddddddddddddddddddddddddddddddddddddddddddd
vvvvvvvvvvvvvvvvvvvvvvvvvvvvvvvvvvvvvvvvvvvvvvvvvvvvvvvvvvvvvvvvvvvvvvvvvvvvvvvvvvvvvvvvvvvvv
xxxxxxxxxxxxxxxxxxxxxxxxxxxxxxxxxxxxxxxxxxxxxxxxxxxxxxxxxxxxxxxxxxxxxxxxxxxxxxxxxxxxxxxxxxxxx
zzzzzzzzzzzzzzzzzzzzzzzzzzzzzzzzzzzzzzzzzzzzzzzzzzzzzzzzzzzzzzzzzzzzzzzzzzzzzzzzzzzzzzzzzzzzz

/*
 * cs170 -- Rich wolski
 * producer-consumer example
 * uses condition variables for fule/empty conditions
 * uses condition variable to fulfill order
 */
#include <unistd.h>
#include <stdlib.h>
#include <stdio.h>
#include <pthread.h>
#include <string.h>

#include "c-timer.h"

#define RAND() (drand48())

struct order
{
	int stock_id;
	int quantity;
	int action;	/* buy or sell */
	int fulfilled;	
	pthread_mutex_t lock;
	pthread_cond_t finish;
};

struct order_que
{
	struct order **orders;
	int size;
	int head;
	int tail;
	pthread_mutex_t lock;
	pthread_cond_t full;
	pthread_cond_t empty;
};

struct market
{
	pthread_mutex_t lock;
	int *stocks;
	int count;
};

struct order *InitOrder(int id, int quantity, int action)
{
	struct order *order;

	order = (struct order *)malloc(sizeof(struct order));
	if(order == NULL) {
		return(NULL);
	}
	order->stock_id = id;
	order->quantity = quantity;
	order->action = action;
	order->fulfilled = 0;
	pthread_mutex_init(&order->lock,NULL);
	pthread_cond_init(&order->finish,NULL);
	return(order);
}

void FreeOrder(struct order *order)
{
	free(order);
}

struct order_que *InitOrderQue(int size)
{
	struct order_que *oq;

	oq = (struct order_que *)malloc(sizeof(struct order_que));
	if(oq == NULL) {
		return(NULL);
	}
	memset(oq,0,sizeof(struct order_que));

	oq->size = size+1; /* empty condition burns a slot */
	oq->orders = (struct order **)malloc(oq->size*sizeof(struct order *));
	if(oq->orders == NULL) {
		free(oq);
		return(NULL);
	}
	memset(oq->orders,0,size*sizeof(struct order *));

	pthread_mutex_init(&oq->lock,NULL);
	pthread_cond_init(&oq->full,NULL);
	pthread_cond_init(&oq->empty,NULL);

	return(oq);
}

void FreeOrderQue(struct order_que *oq)
{
	while(oq->head != oq->tail) {
		FreeOrder(oq->orders[oq->tail]);
		oq->tail = (oq->tail + 1) % oq->size;
	}

	free(oq->orders);
	free(oq);
	return;
}

struct market *InitMarket(int stock_count, int init_quantity)
{
	struct market *m;
	int i;

	m = (struct market *)malloc(sizeof(struct market));
	if(m == NULL) {
		return(NULL);
	}
	m->count = stock_count;

	m->stocks = (int *)malloc(stock_count*sizeof(int));
	if(m->stocks == NULL) {
		free(m);
		return(NULL);
	}

	for(i=0; i < stock_count; i++) {
		m->stocks[i] = init_quantity;
	}

	pthread_mutex_init(&m->lock,NULL);

	return(m);
}

void FreeMarket(struct market *m)
{
	free(m->stocks);
	free(m);
	return;
}

void PrintMarket(struct market *m)
{
	int i;
	for(i=0; i < m->count; i++) {
		printf("stock: %d, quantity: %d\n",
			i,m->stocks[i]);
	}

	return;
}

struct client_arg
{
	int id;
	int order_count;
	struct order_que *order_que;
	int max_stock_id;
	int max_quantity;
	int verbose;
};

struct trader_arg
{
	int id;
	struct order_que *order_que;
	struct market *market;
	int *done;
	int verbose;
};

void *ClientThread(void *arg)
{
	struct client_arg *ca = (struct client_arg *)arg;
	int i;
	int next;
	struct order *order;
	int stock_id;
	int quantity;
	int action;
	int queued;
	double now;
	

	for(i=0; i < ca->order_count; i++) {
		/*
		 * create an order for a random stock
		 */
		stock_id = (int)(RAND() * ca->max_stock_id);
		quantity = (int)(RAND() * ca->max_quantity);
		if(RAND() > 0.5) {
			action = 0; /* 0 => buy */
		} else {
			action = 1; /* 1 => sell */
		}
		order = InitOrder(stock_id,quantity,action);
		if(order == NULL) {
			fprintf(stderr,"no space for order\n");
			exit(1);
		}
		/*
		 * queue it for the traders
		 */
		queued = 0;
		while(queued == 0) {
			pthread_mutex_lock(&(ca->order_que->lock));
			next = (ca->order_que->head + 1) % ca->order_que->size;
			/*
			 * is the queue full?
			 */
			while(next == ca->order_que->tail) {
				pthread_cond_wait(&(ca->order_que->full),
						  &(ca->order_que->lock));
				next = (ca->order_que->head + 1) % ca->order_que->size;
			}
			/*
			 * there is space in the queue, add the order and bump
			 * the head
			 */
			if(ca->verbose == 1) {
				now = CTimer();
				printf("%10.0f client %d: ",now,ca->id);
				printf("queued stock %d, for %d, %s\n",
					order->stock_id,
					order->quantity,
					(order->action ? "SELL" : "BUY")); 
			}
			ca->order_que->orders[next] = order;
			ca->order_que->head = next;
			queued = 1;
			pthread_cond_signal(&(ca->order_que->empty));
			pthread_mutex_unlock(&(ca->order_que->lock));

			/*
			 * wait using condition variable until
			 * order is fulfilled
			 */
			pthread_mutex_lock(&order->lock);
			while(order->fulfilled == 0) {
				pthread_cond_wait(&order->finish,&order->lock);
			}
			pthread_mutex_unlock(&order->lock);
			/*
			 * done, free the order and repeat
			 */
			FreeOrder(order);
		}
	}

	return(NULL);
}

void *TraderThread(void *arg)
{
	struct trader_arg *ta = (struct trader_arg *)arg;
	int dequeued;
	struct order *order;
	int tail;
	double now;
	int next;

	while(1) {
		dequeued = 0;
		while(dequeued == 0) {
			pthread_mutex_lock(&(ta->order_que->lock));
			/*
			 * is the queue empty?
			 */
			while(ta->order_que->head == ta->order_que->tail) {
				/*
				 * if the queue is empty, are we done?
				 */
				if(*(ta->done) == 1) {
					pthread_cond_signal(&(ta->order_que->empty));
					pthread_mutex_unlock(&(ta->order_que->lock));
					pthread_exit(NULL);
				}
				pthread_cond_wait(&(ta->order_que->empty),
						  &(ta->order_que->lock));
			}
			/*
			 * get the next order
			 */
			next = (ta->order_que->tail + 1) % ta->order_que->size;
			order = ta->order_que->orders[next];
			ta->order_que->tail = next;
			pthread_cond_signal(&(ta->order_que->full));
			pthread_mutex_unlock(&(ta->order_que->lock));
			dequeued = 1;
		}
		/*
		 * have an order to process
		 */
		pthread_mutex_lock(&(ta->market->lock));
		if(order->action == 1) { /* BUY */
			ta->market->stocks[order->stock_id] -= order->quantity;
			if(ta->market->stocks[order->stock_id] < 0) {
				ta->market->stocks[order->stock_id] = 0;
			}
		} else {
			ta->market->stocks[order->stock_id] += order->quantity;
		}
		pthread_mutex_unlock(&(ta->market->lock));
		if(ta->verbose == 1) {
			now = CTimer();
			printf("%10.0f trader: %d ",now,ta->id);
			printf("fulfilled stock %d for %d\n",
				order->stock_id,
				order->quantity);
		}
		/*
		 * tell the client the order is done
		 */
		pthread_mutex_lock(&order->lock);
		order->fulfilled = 1;
		pthread_cond_signal(&order->finish);
		pthread_mutex_unlock(&order->lock);
	}

	return(NULL);
}

#define ARGS "c:t:o:q:s:V"
char *Usage = "market1 -c clients -t traders -o orders -q queue-size -s stock-count -V <verbose on>\n";

#define INIT_COUNT 5000

int main(int argc, char **argv)
{
	int c;
	int client_threads;
	int trader_threads;
	int orders_per_client;
	int que_size;
	int max_stock;
	int verbose;
	struct client_arg *ca;
	struct trader_arg *ta;
	pthread_t *client_ids;
	pthread_t *trader_ids;
	struct order_que *order_que;
	struct market *market;
	int i;
	int done;
	int err;
	double start;
	double end;
	

	/*
	 * defaults
	 */
	client_threads = 1;
	trader_threads = 1;
	orders_per_client = 1;
	verbose = 0;
	que_size = 1;
	max_stock = 1;

	while((c = getopt(argc,argv,ARGS)) != EOF) {
		switch(c) {
			case 'c':
				client_threads = atoi(optarg);
				break;
			case 't':
				trader_threads = atoi(optarg);
				break;
			case 'o':
				orders_per_client = atoi(optarg);
				break;
			case 'q':
				que_size = atoi(optarg);
				break;
			case 's':
				max_stock = atoi(optarg);
				break;
			case 'V':
				verbose = 1;
				break;
			default:
				fprintf(stderr,
					"unrecognized command %c\n",
						(char)c);
				fprintf(stderr,"usage: %s",Usage);
				exit(1);
		}
	}

	client_ids = (pthread_t *)malloc(client_threads*sizeof(pthread_t));
	if(client_ids == NULL) {
		exit(1);
	}

	ca = (struct client_arg *)malloc(client_threads*sizeof(struct client_arg));
	if(ca == NULL) {
		exit(1);
	}

	trader_ids = (pthread_t *)malloc(trader_threads*sizeof(pthread_t));
	if(trader_ids == NULL) {
		exit(1);
	}

	ta = (struct trader_arg *)malloc(trader_threads*sizeof(struct trader_arg));
	if(ta == NULL) {
		exit(1);
	}

	order_que = InitOrderQue(que_size);
	if(order_que == NULL) {
		exit(1);
	}

	market = InitMarket(max_stock,INIT_COUNT);
	if(market == NULL) {
		exit(1);
	}

	start = CTimer();
	for(i=0; i < client_threads; i++) {
		ca[i].id = i;
		ca[i].order_count = orders_per_client;
		ca[i].max_stock_id = max_stock;
		ca[i].max_quantity = INIT_COUNT;
		ca[i].order_que = order_que;
		ca[i].verbose = verbose;
		err = pthread_create(&client_ids[i],NULL,
					ClientThread,(void *)&ca[i]);
		if(err != 0) {
			fprintf(stderr,"client thread create %d failed\n",i);
			exit(1);
		}
	}

	done = 0;
	for(i=0; i < trader_threads; i++) {
		ta[i].id = i;
		ta[i].order_que = order_que;
		ta[i].market = market;
		ta[i].done = &done;
		ta[i].verbose = verbose;
		err = pthread_create(&trader_ids[i],NULL,
			TraderThread,(void *)&ta[i]);
		if(err != 0) {
			fprintf(stderr,"trader thread create %d failed\n",i);
			exit(1);
		}
	}

	/*
	 * wait for the clients to finish
	 */
	for(i=0; i < client_threads; i++) {
		err = pthread_join(client_ids[i],NULL);
		if(err != 0) {
			fprintf(stderr,"client join %d failed\n",i);
			exit(1);
		}
	}

	/*
	 * tell the traders we are done
	 */
	pthread_mutex_lock(&order_que->lock);
	done = 1;
	pthread_cond_signal(&order_que->empty);
	pthread_mutex_unlock(&order_que->lock);

	for(i=0; i < trader_threads; i++) {
		err = pthread_join(trader_ids[i],NULL);
		if(err != 0) {
			fprintf(stderr,"trader join %d failed\n",i);
			exit(1);
		}
	}
	end = CTimer();

	if(verbose == 1) {
		PrintMarket(market);
	}

	printf("%f transactions / sec\n",
		(double)(orders_per_client*client_threads) / (end-start));

	free(ca);
	free(ta);
	free(client_ids);
	free(trader_ids);
	FreeMarket(market);
	FreeOrderQue(order_que);

	return(0);
}
		


		
		
#include "mptcp.h"
#include <sys/types.h>
#include <sys/socket.h>
#include <sys/time.h>
#include <sys/stat.h>
#include <netinet/in.h>
#include <arpa/inet.h>
#include <netdb.h>
#include <stdio.h>
#include <stdlib.h>
#include <unistd.h>
#include <string.h>
#include <fcntl.h>
#include <pthread.h>


#define BUFFER_SIZE 2048
/*
struct pkt_data{

	int *file_data;
	int * data_pointer;
	pthread_mutex_t lock;
};

struct flow_cont{
	int *seq_num;
	int * acq_list;
	pthread_mutex_t lock;
};
*/

struct pkts{
	
	char * pkt_start;
	int seq_num;
	int acq_rev;
	int size;
	//pthread_mutex_t lock;
};

struct pkts_queue{
	
	struct pkts *pkts_list;//array of packets
	int next_pkt;	
	pthread_mutex_t lock;
	//pthread_cond_t full;
	//pthread_cond_t empty;
	//more to come
};

void error(const char *msg)
{
    perror(msg);
    exit(0);
}


struct pkts* init_pkts(char * filename, int * file_s, int * n_pkts){
	
	struct pkts * pkts;

	int file_desc;
	char * data_buf;
	int last_pkt_size;
	int num_pkts;
	int num_bytes;

	//file openning 
	file_desc=open(filename,O_RDWR,0);
	if (file_desc<0)
	{
		error("Error Openning file\n");
	}
	
	//read the whole file to a buffer. instead of reading chucks in each thread
	//read the file into a buffer size of 2048bytes
	
	//data_buf needs to be malloc
	data_buf=(char*)malloc(sizeof(char)*BUFFER_SIZE);
	num_bytes=read(file_desc,data_buf,BUFFER_SIZE);
	if(num_bytes==0){
		printf("complete file read\n");
	}
	else if(num_bytes<0){
		error("error reading the file\n");
	}

	*file_s=strlen(data_buf);
	printf("file_size%d\n",*file_s);

	//now data buffer has the string containing the whole file
	last_pkt_size=strlen(data_buf)% MSS;
	if (last_pkt_size){
		num_pkts=(strlen(data_buf)/MSS)+1;
	}else{
		num_pkts=(strlen(data_buf)/MSS);
	}
		
	printf("file_size%d\n",num_pkts);

	pkts=malloc(sizeof(struct pkts)*num_pkts);

	for (int i=0;i<num_pkts;i++){

		pkts[i].pkt_start=&data_buf[i*MSS];
		pkts[i].seq_num=i*MSS+1;
		pkts[i].acq_rev=0;
		if (i==num_pkts){
			if (last_pkt_size){
				pkts[i].size=last_pkt_size;
			}else
				pkts[i].size=MSS;
		}
		else{
			pkts[i].size=MSS;
		}
		
	}
	*n_pkts=num_pkts;
	return (pkts);
}

struct pkts_queue* init_data_queue(struct pkts * pkts_q){
	struct pkts_queue * pkts_queuel;

	pkts_queuel=malloc(sizeof(struct pkts_queue));
	pkts_queuel->pkts_list=(struct pkts *)pkts_q;
	pkts_queuel->next_pkt=0;

	pthread_mutex_init(&pkts_queuel->lock,NULL);
	//pthread_cond_init(&pkts_q->full,NULL);

	return (pkts_queuel);
}

void free_pkts_queue(struct pkts_queue * pkts_q){
	free(pkts_q->pkts_list);
}

struct mp_arg
{
	int sock_id;
	int tid;
	struct sockaddr_in serv_addr;
	int serv_port;
	int file_size;
	int num_pkts;
	struct pkts_queue * pkts_q_shared;
	
	//struct pkt_data * pkt_data;
	//struct flow_cont * flow_cont;
};



void *mp_send_recv(void *arg)
{
	struct mp_arg * my_arg=(struct mp_arg*)(arg);
	
	struct pkts_queue * pkts_qt;
	
	struct mptcp_header mp_header;
	struct mptcp_header header_recv;
	struct packet mp_pkt;
	struct packet mp_pkt_rcv;
	
	struct pkts my_pkt;
	struct pkts recv_pkt;
	struct pkts rt_pkt;

	struct sockaddr_in serv_addr;
	struct sockaddr_in client_addr;
	socklen_t clilen;
	struct timeval tval;
	
	int cwin =2;
	int s;
	int num_bytes;
	int sock_id;
	int port;
	int pkt_cnt=0;
	int pkt_index;
	int recv_timeout=0;
	int pkt_num_sent;
	int num_pkts;
	char recv_data[BUFFER_SIZE];
	int id;
	id=my_arg->tid;
	mp_pkt_rcv.data=recv_data;
	mp_pkt_rcv.header=&header_recv;
	
	//unmashaling
	pkts_qt=my_arg->pkts_q_shared;//packet queue has packet list and next packet shared variable	
	sock_id=my_arg->sock_id;
	serv_addr=my_arg->serv_addr;
	port=my_arg->serv_port;
	num_pkts=my_arg->num_pkts;

	serv_addr.sin_port=htons(port);
	if (mp_connect(sock_id,(struct sockaddr *) &serv_addr,sizeof(serv_addr)) < 0) 
		error("Internal error\n");

	//then use getsockname to get the socket for the client thread 
	clilen = sizeof(struct sockaddr);
	s=getsockname(sock_id,(struct sockaddr*) &client_addr,&clilen);
	if (s<0){
		error("getsockname failed\n");
	}

	//set the timeout value for the socket. when timout expires datagram will be resend
	tval.tv_sec = 1;
	tval.tv_usec = 0;//100ms
	if (setsockopt(sock_id, SOL_SOCKET, SO_RCVTIMEO,&tval,sizeof(tval)) < 0) {
    		error("Error\n");
	}

	mp_header.dest_addr=serv_addr;
	mp_header.src_addr=client_addr;
	mp_header.ack_num=0;
	mp_header.total_bytes=my_arg->file_size;
	
	//create a header and send the packet
	//do i need a local queue and buffer data locally in the each thread
	while(1){
 		//send multiple packets and dont wait for acks
 		//have to make sure last packet is sent then dont send
 		while(cwin>0 && pkt_index!=num_pkts-1){
			pthread_mutex_lock(&(pkts_qt->lock));
			pkt_index=pkts_qt->next_pkt;
			if (pkt_index==num_pkts-1){
				pthread_mutex_unlock(&(pkts_qt->lock));
				continue;
			}
			my_pkt=pkts_qt->pkts_list[pkt_index];
			pkts_qt->next_pkt++;
			pthread_mutex_unlock(&(pkts_qt->lock));

			mp_header.seq_num=my_pkt.seq_num;
			mp_pkt.header=&mp_header;
			mp_pkt.data=my_pkt.pkt_start;

			num_bytes=mp_send(sock_id,&mp_pkt, my_pkt.size,0);//header plus the pyaload???
			if (num_bytes<0){
				error("Cannot send data\n");
			}
			printf("packet sent:%d\tid:%d\n",my_pkt.seq_num,id);
			cwin--;
			pkt_cnt++;
			//printf("test\n");
		}
		//printf("test\n");
		num_bytes=mp_recv(sock_id,&mp_pkt_rcv,BUFFER_SIZE,0);
		if (num_bytes<0){
			printf("time out\n");
			recv_timeout=1;
			//error("Cannot receive data\n");
		}



		if (!recv_timeout){
			//end of transmission
			if (header_recv.ack_num==-1){
				printf("pkts sent:%d\tid:%d",pkt_cnt,id);
				exit(0);
			}
			else {
				//find out which packet the receiver is acking and increase the cwin if it is not a duplicate ack
				pkt_num_sent=(header_recv.ack_num /MSS);
				//if the mp_recv does not time out 
				printf("ack:%d\tid:%d\tpkt_num:%d\n",header_recv.ack_num,id, pkt_num_sent);
				//updata the pkt queue.dont need to do this automically
				pkts_qt->pkts_list[pkt_num_sent].acq_rev++;
				if (pkts_qt->pkts_list[pkt_num_sent].acq_rev==3){
					printf("retransmit pkt:%d\tid:%d\n",pkt_num_sent,id);
					//retransmit
					rt_pkt=pkts_qt->pkts_list[pkt_num_sent];
					mp_header.seq_num=rt_pkt.seq_num;
					mp_pkt.header=&mp_header;
					mp_pkt.data=rt_pkt.pkt_start;
					num_bytes=mp_send(sock_id,&mp_pkt, rt_pkt.size,0);
					continue;
				}
				cwin++;
			}
		}
		else{
			//if recv times out alot then decrease the cwin for this thread and increse the another one
			//keep a time out count
		}



		}

	}

/*
void *RecThread(void *arg)
{

}
*/

//mptcp [ -n num_interfaces ] [ -h hostname ] [ -p port ] [ -f filename ]

/*
public IP:
 
128.111.68.197
 
port:
 
5176
*/
#define ARGS "n:h:p:f"
int main(int argc, char *argv[])
{
	int c;
	int lports;
	int sock_1;
	int n_paths;
	int ser_port;
	char ser_addr_str[BUFFER_SIZE];
	char file_name_str[BUFFER_SIZE];

	struct hostent *server;
	struct sockaddr_in serv_addr;
	struct sockaddr_in client_addr;
	socklen_t clilen;

	int s;
	struct addrinfo hints;
	struct addrinfo *result, *rp;

	struct mptcp_header init_mp;
	struct packet send_pkt;
	struct packet recv_pkt;

	char send_str[BUFFER_SIZE];
	char recv_str[BUFFER_SIZE];

	int *ports;
	char str_port[BUFFER_SIZE];

	pthread_t * mp_ids;
	struct mp_arg * mps;

	struct pkts * pkts_arry;//packet queue with info includded
	struct pkts_queue *pkts_q;//packet queue with pkts list and shared variables
	
	//int file_desc;
	int file_size;
	int num_pkts;
	int err;
	while((c = getopt(argc,argv,"n:h:p:f:")) != -1) {
		switch(c) {
			case 'n':
				n_paths=atoi(optarg);
				break;
			case 'h':
				strcpy(ser_addr_str,optarg);
				break;
			case 'p':
				ser_port=atoi(optarg);
				break;
			case 'f':
				strcpy(file_name_str,optarg);
				break;
			//case 'q':
			//	lports=atoi(optarg);//number of local ports
			//	printf("test\n");
			//	break;	
			default:
				//break;
				error("invalid options\n");
				//fprintf(stderr,"unrecognized command %c\n",(char)c);
				//fprintf(stderr,"usage: %s",Usage);
				//exit(1);
		}
	}

/*
	//find the address of the local machine using geraddrinfo()
	s = getaddrinfo(NULL, NULL, &hints, &result);
	if (s != 0) {
		error("getaddrinfo faild\n");
	}
	//result is a list of addr info structs. this is the first one of the list
	rp=result;
*/
	//first establish initial connection with the server
	//sock_1 = mp_socket(rp->ai_family, SOCK_MPTCP, rp->ai_protocol);
	sock_1 = mp_socket(AF_INET, SOCK_MPTCP,0);
	if (sock_1 < 0)
		error("Internal error\n");

	bzero((char *) &serv_addr, sizeof(serv_addr));
	//convert  the server address string
	inet_pton(AF_INET,ser_addr_str,&(serv_addr.sin_addr));	
	serv_addr.sin_family = AF_INET;
	//bcopy((char *)serv_addr->h_addr, (char *)&serv_addr.sin_addr.s_addr,server->h_length);
	serv_addr.sin_port = htons(ser_port);
	
	if (mp_connect(sock_1,(struct sockaddr *) &serv_addr,sizeof(serv_addr)) < 0) 
		error("Internal error\n");
	
	//then use getsockname to get the socket that the client is using 
	clilen = sizeof(struct sockaddr);
	s=getsockname(sock_1,(struct sockaddr*) &client_addr,&clilen);
	if (s<0){
		error("getsockname failed\n");
	}

	//populate the struct
	init_mp.dest_addr=serv_addr;
	init_mp.src_addr=client_addr;
	//init_mp.src_port=client_addr.sin_port;//not required at this point
	//init_mp.dest_port=serv_addr.sin_port;
	init_mp.seq_num=1;
	init_mp.ack_num=0;
	init_mp.total_bytes=7;
	
	sprintf(send_str,"MPREQ\t%d",n_paths);
	send_pkt.header=&init_mp;
	send_pkt.data=send_str;

	//request for number of ports from the server
	mp_send(sock_1,&send_pkt, sizeof(struct packet),0);
	
	recv_pkt.header=&init_mp;
	recv_pkt.data=recv_str;

	//wait for a respond from the server and read the info about port numbers to use
	mp_recv(sock_1,&recv_pkt,BUFFER_SIZE,0);

	printf("data from server%s\n",recv_str);
	
	
	//parse the received data from the server
	ports=(int *)malloc(sizeof(int)*n_paths);
	int k=0;
	int j=0;
	
	//MPOK XXXX:XXXX:XXXXX:XXXX
	for (int i=4;i<=strlen(recv_str);i++){
		if (recv_str[i]==':' || recv_str[i]=='\0'){
			str_port[k]='\0';
			ports[j]=atoi(str_port);
			j++;
			memset(str_port,0,k+1);
			k=0;
		}
		else if (recv_str[i]!='\0'){
			str_port[k]=recv_str[i];
			k++;
		}

	}

	for(int i=0;i<n_paths;i++){
		printf("ports %d\t%d\n",i+1,ports[i]);
	}
	
	//initialize the pkt queue
	pkts_arry=init_pkts(file_name_str,&file_size,&num_pkts);

	//initialize the data queue
	pkts_q=init_data_queue(pkts_arry);
	


	mp_ids= (pthread_t *)malloc(n_paths*sizeof(pthread_t));
	if(mp_ids == NULL) {
		exit(1);
	}
	mps= (struct mp_arg *)malloc(n_paths*sizeof(struct mp_arg));
	if(mps == NULL) {
		exit(1);
	}

	//create threads for each interface
	for (int i=0;i<n_paths;i++){
		//open a connection for each port
		mps[i].sock_id=mp_socket(AF_INET, SOCK_MPTCP, 0);
		mps[i].tid=i;
		mps[i].serv_addr=serv_addr;
		mps[i].serv_port=ports[i];
		mps[i].pkts_q_shared=pkts_q;
		mps[i].file_size=file_size;
		mps[i].num_pkts=num_pkts;
		//mps[i]->pkt_data=pkt_data;
		//mps[i]->flow_cont=flow_cont;

		err = pthread_create(&mp_ids[i], NULL, mp_send_recv, (void *)&mps[i]);
		if(err != 0) {
			error("pthread create failed");
		}
	}
	
	//wait for threads to finish
	for(int i=0; i < n_paths; i++) {
	err = pthread_join(mp_ids[i],NULL);
	if(err != 0) {
		printf("send thread join %d failed\n",i);
		exit(1);
	}
	}

	for(int i=0;i<n_paths;i++){
		close(mps[i].sock_id);
	}


	//free malloc
	free(mp_ids);
	free(mps);
	free_pkts_queue(pkts_q);


}


	
	



	
	

